@book{Clark1981,
	author = {George C. Clark and J. Bibb Cain},
	title = {Error-Correction Coding for Digital Communications},
	publisher = {Springer New York},
	year = {1981},
	series = {Applications of Communications Theory},
	doi = {10.1007/978-1-4899-2174-1}
}